@TechReport{brunori18,
  author={Paolo Brunori and Paul Hufe and Gerszon Daniel Mahler},
  title={{The Roots of Inequality: Estimating Inequality of Opportunity from Regression Trees}},
  year=2018,
  institution={ifo Institute - Leibniz Institute for Economic Research at the University of Munich},
  type={ifo Working Paper Series},
  url={https://ideas.repec.org/p/ces/ifowps/_252.html},
  number={252},
  doi={},
}

Hothorn, T., Hornik, K. & Zeileis, A. (201x): ctree: Conditional Inference Trees. R Vignette. https://cran.r-project.org/web/packages/partykit/vignettes/ctree.pdf

@TechReport{hot,
  author={Torsten Hothorn, Kurt Hornik, Achim Zeileis},
  title={ctree: Conditional Inference Trees},
  subtitle={R Vignette},
  year=202x,
  institution={},
  url={https://cran.r-project.org/web/packages/partykit/vignettes/ctree.pdf},
  number={},
  doi={},
}


%%%% THIS ARTICLES CITED brunori18:

@TechReport{brunori20,
  author={Paolo Brunori and Guido Neidhoefer},
  title={{The Evolution of Inequality of Opportunity in Germany: A Machine Learning Approach}},
  year=2020,
  month=Jan,
  institution={Dipartimento di Economia e Finanza - Università degli Studi di Bari "Aldo Moro"},
  type={SERIES},
  url={http://www.seriesworkingpapers.it/RePEc/bai/series/SERIES_WP_01-2020.pdf},
  number={01-2020},
  keywords={Inequality; Opportunity; SOEP; Germany},
  doi={},
}

@Article{brunori19,
  author={Paolo Brunori and Vito Peragine and Laura Serlenga},
  title={{Upward and downward bias when measuring inequality of opportunity}},
  journal={Social Choice and Welfare},
  year=2019,
  volume={52},
  number={4},
  pages={635-661},
  month={April},
  keywords={},
  doi={10.1007/s00355-018-1165-x},
  url={https://ideas.repec.org/a/spr/sochwe/v52y2019i4d10.1007_s00355-018-1165-x.html}
}

@article{mahler19,
author = {Mahler, Daniel Gerszon and Ramos, Xavier},
title = {Equality of Opportunity in Four Measures of Well-Being},
journal = {Review of Income and Wealth},
volume = {65},
number = {S1},
pages = {S228-S255},
keywords = {equality of opportunity, effort, measurement, responsibility, well-being},
doi = {https://doi.org/10.1111/roiw.12419},
url = {https://onlinelibrary.wiley.com/doi/abs/10.1111/roiw.12419},
year = {2019}
}

@article{salas,
title = {The distribution of wealth in the U.S. and Spain: the role of socio-economic factors},
author = {Salas-Rojo, Pedro and Rodríguez, Juan},
year = {2019},
institution = {ECINEQ, Society for the Study of Economic Inequality},
type = {Working Papers},
number = {506},
keywords = {wealth inequality; socio-economic factors; inequality of opportunity in wealth; United States; Spain.},
url = {https://EconPapers.repec.org/RePEc:inq:inqwps:ecineq2019-506}
}

@article{chetty2014land,
  title={Where is the land of opportunity? The geography of intergenerational mobility in the United States},
  author={Chetty, Raj and Hendren, Nathaniel and Kline, Patrick and Saez, Emmanuel},
  journal={The Quarterly Journal of Economics},
  volume={129},
  number={4},
  pages={1553--1623},
  year={2014},
  publisher={Oxford University Press}
}

@incollection{roemer2015equality,
  title={Equality of opportunity},
  author={Roemer, John E and Trannoy, Alain},
  booktitle={Handbook of income distribution},
  volume={2},
  pages={217--300},
  year={2015},
  publisher={Elsevier}
}